@misc{Kurzgesagt2020,
  author = {Kurzgesagt – In a Nutshell},
  title = {Unlimited Resources From Space – Asteroid Mining},
  year = {2020},
  url = {http://www.youtube.com/watch?v=y8XvQNt26KI},
  publisher = {YouTube},
  note = {Accessed: December 8, 2023},
}

@misc{OpenAsteroidDataBasu2019,
  title = {Open Asteroid Dataset},
  author = {VICTOR BASU},
  url = {https://www.kaggle.com/datasets/basu369victor/prediction-of-asteroid-diameter},
  publisher = {Kaggle},
  year = {2019},
  note = {Accessed: December 8, 2023},
}

@misc{NASAOrbitsKeplersLaws2023,
  title = {Orbits and Kepler's Laws},
  url = {https://science.nasa.gov/resource/orbits-and-keplers-laws/},
  publisher = {National Aeronautics and Space Administration (NASA)},
  year = {2023},
  note = {Accessed: December 8, 2023},
}

@misc{WikipediaGeometricAlbedo2023,
  title = {Geometric Albedo},
  url = {https://en.wikipedia.org/wiki/Geometric_albedo},
  publisher = {Wikipedia},
  year = {2023},
  note = {Accessed: December 8, 2023},
}

@misc{WikipediaOrbitalEccentricity2023,
  title = {Orbital Eccentricity},
  url = {https://en.wikipedia.org/wiki/Orbital_eccentricity},
  publisher = {Wikipedia},
  year = {2023},
  note = {Accessed: December 8, 2023},
}

@misc{NASATrajectoryBrowserUserGuide2023,
  title = {Trajectory Browser User Guide},
  url = {https://trajbrowser.arc.nasa.gov/user_guide.php},
  publisher = {National Aeronautics and Space Administration (NASA) Ames Research Center},
  year = {2023},
  note = {Accessed: December 8, 2023},
}

@misc{NASACNEOSNEOGroups2023,
  title = {Near-Earth Object (NEO) Groups},
  url = {https://cneos.jpl.nasa.gov/about/neo_groups.html},
  publisher = {National Aeronautics and Space Administration (NASA) Center for Near-Earth Object Studies (CNEOS)},
  year = {2023},
  note = {Accessed: December 8, 2023},
}

@misc{WikipediaMinimumOrbitIntersectionDistance2023,
  title = {Minimum Orbit Intersection Distance},
  url = {https://en.wikipedia.org/wiki/Minimum_orbit_intersection_distance},
  publisher = {Wikipedia},
  year = {2023},
  note = {Accessed: December 8, 2023},
}

@misc{NASACNEOSAsteroidSizeEstimator2023,
  title = {Asteroid Size Estimator},
  url = {https://cneos.jpl.nasa.gov/tools/ast_size_est.html},
  publisher = {National Aeronautics and Space Administration (NASA) Center for Near-Earth Object Studies (CNEOS)},
  year = {2023},
  note = {Accessed: December 8, 2023},
}

@article{Harris1989,
  author = {Harris, A. W.},
  title = {THE H-G ASTEROID MAGNITUDE SYSTEM: MEAN SLOPE PARAMETERS},
  year = {1989},
  journal = {Lunar and Planetary Science Conference},
  volume = {20},
  pages = {407--408},
  doi = {10.21236/lunaplanet.19890076},
}



